@article{Tsai:1971vv,
    author = "Tsai, Yung-Su",
    title = "{Decay correlations of heavy leptons in $\Pep\Pem \to \Plp\Plm$}",
    reportNumber = "SLAC-PUB-0932",
    doi = "10.1103/PhysRevD.13.771",
    journal = "Phys. Rev. D",
    volume = "4",
    pages = "2821",
    year = "1971",
    note = "[Erratum: Phys.Rev.D 13, 771 (1976)]"
}

@article{Kuhn:1982di,
    author = "K{\"u}hn, Johann Heinrich and Wagner, F.",
    title = "{Semileptonic decays of the tau lepton}",
    reportNumber = "MPI-PAE/PTh 54/82",
    doi = "10.1016/0550-3213(84)90522-4",
    journal = "Nucl. Phys. B",
    volume = "236",
    pages = "16",
    year = "1984"
}

@article{Jadach:1990mz,
    author = "Jadach, Stanislaw and K{\"u}hn, Johann H. and Was, Zbigniew",
    title = "{TAUOLA: A library of Monte Carlo programs to simulate decays of polarized tau leptons}",
    reportNumber = "CERN-TH-5856-90",
    doi = "10.1016/0010-4655(91)90038-M",
    journal = "Comput. Phys. Commun.",
    volume = "64",
    pages = "275",
    year = "1990"
}

@article{Davier:1992nw,
    author = "Davier, M. and Duflot, L. and Le Diberder, F. and Rouge, A.",
    title = "{The optimal method for the measurement of tau polarization}",
    reportNumber = "LAL-92-73, X-LPNHE-92-22",
    doi = "10.1016/0370-2693(93)90101-M",
    journal = "Phys. Lett. B",
    volume = "306",
    pages = "411",
    year = "1993"
}

@article{Kuhn:1995nn,
    author = "K{\"u}hn, Johann H.",
    title = "{Tau polarimetry with multi-meson states}",
    eprint = "hep-ph/9505303",
    archivePrefix = "arXiv",
    reportNumber = "SLAC-PUB-6889, SLAC-PUB-95-6889, TTP-95-21",
    doi = "10.1103/PhysRevD.52.3128",
    journal = "Phys. Rev. D",
    volume = "52",
    pages = "3128",
    year = "1995"
}

@article{ALEPH:2001uca,
    author = "Heister, A. and others",
    collaboration = "ALEPH",
    title = "{Measurement of the tau polarization at LEP}",
    eprint = "hep-ex/0104038",
    archivePrefix = "arXiv",
    reportNumber = "CERN-EP-2001-027",
    doi = "10.1007/s100520100689",
    journal = "Eur. Phys. J. C",
    volume = "20",
    pages = "401",
    year = "2001"
}

@article{DELPHI:1999yne,
    author = "Abreu, P. and others",
    collaboration = "DELPHI",
    title = "{A precise measurement of the tau polarization at LEP-1}",
    reportNumber = "CERN-EP-99-161",
    doi = "10.1007/s100520000363",
    journal = "Eur. Phys. J. C",
    volume = "14",
    pages = "585",
    year = "2000"
}

@article{L3:1998oan,
    author = "Acciarri, M. and others",
    collaboration = "L3",
    title = "{Measurement of tau polarization at LEP}",
    reportNumber = "CERN-EP-98-026, CERN-EP-98-26",
    doi = "10.1016/S0370-2693(98)00406-7",
    journal = "Phys. Lett. B",
    volume = "429",
    pages = "387",
    year = "1998"
}

@article{OPAL:2001brm,
    author = "Abbiendi, G. and others",
    collaboration = "OPAL",
    title = "{Precision neutral current asymmetry parameter measurements from the tau polarization at LEP}",
    eprint = "hep-ex/0103045",
    archivePrefix = "arXiv",
    reportNumber = "CERN-EP-2001-023",
    doi = "10.1007/s100520100714",
    journal = "Eur. Phys. J. C",
    volume = "21",
    pages = "1",
    year = "2001"
}

@article{ATLAS:2017xuc,
    author = "Aaboud, Morad and others",
    collaboration = "ATLAS",
    title = "{Measurement of $\Pgt$ polarisation in $\PZ/\Pggx \to \Pgt \Pgt$ decays in proton-proton collisions at $\sqrt{s} = 8$~\TeV with the ATLAS detector}",
    eprint = "1709.03490",
    archivePrefix = "arXiv",
    primaryClass = "hep-ex",
    reportNumber = "CERN-EP-2017-172",
    doi = "10.1140/epjc/s10052-018-5619-1",
    journal = "Eur. Phys. J. C",
    volume = "78",
    number = "2",
    pages = "163",
    year = "2018"
}

@article{CMS:2023mgq,
    author = "Hayrapetyan, Aram and others",
    collaboration = "CMS",
    title = "{Measurement of the $\Pgt$ lepton polarization in $\PZ$ boson decays in proton-proton collisions at $\sqrt{s} = 13$~\TeV}",
    eprint = "2309.12408",
    archivePrefix = "arXiv",
    primaryClass = "hep-ex",
    reportNumber = "CMS-SMP-18-010, CERN-EP-2023-169",
    year = "2023"
}

@article{ATLAS:2022akr,
    author = "Aad, Georges and others",
    collaboration = "ATLAS",
    title = "{Measurement of the $CP$ properties of Higgs boson interactions with $\Pgt$-leptons with the ATLAS detector}",
    eprint = "2212.05833",
    archivePrefix = "arXiv",
    primaryClass = "hep-ex",
    reportNumber = "CERN-EP-2022-244",
    doi = "10.1140/epjc/s10052-023-11583-y",
    journal = "Eur. Phys. J. C",
    volume = "83",
    pages = "563",
    year = "2023"
}

@article{CMS:2021sdq,
    author = "Tumasyan, Armen and others",
    collaboration = "CMS",
    title = "{Analysis of the $CP$ structure of the Yukawa coupling between the Higgs boson and $\Pgt$ leptons in proton-proton collisions at $ \sqrt{s} = 13$~\TeV}",
    eprint = "2110.04836",
    archivePrefix = "arXiv",
    primaryClass = "hep-ex",
    reportNumber = "CMS-HIG-20-006, CERN-EP-2021-189",
    doi = "10.1007/JHEP06(2022)012",
    journal = "JHEP",
    volume = "06",
    pages = "012",
    year = "2022"
}

@article{CLEO:1999rzk,
    author = "Asner, D. M. and others",
    collaboration = "CLEO",
    title = "{Hadronic structure in the decay $\Pgtm \to \Pgngt\Pgpm\Pgpz\Pgpz$ and the sign of the tau-neutrino helicity}",
    eprint = "hep-ex/9902022",
    archivePrefix = "arXiv",
    reportNumber = "SLAC-REPRINT-1999-097, CLNS-99-1601, CLEO-99-01",
    doi = "10.1103/PhysRevD.61.012002",
    journal = "Phys. Rev. D",
    volume = "61",
    pages = "012002",
    year = "2000"
}

@article{Shibata:2002uv,
    author = "Shibata, Edward I.",
    editor = "Schalk, Terry and Seiden, Abe",
    collaboration = "CLEO",
    title = "{Hadronic structure in $\Pgtm \to \Pgpm\Pgpm\Pgpp\Pgngt$ decays}",
    eprint = "hep-ex/0210039",
    archivePrefix = "arXiv",
    reportNumber = "TAU-2002-TU05",
    doi = "10.1016/S0920-5632(03)80305-5",
    journal = "eConf",
    volume = "C0209101",
    pages = "TU05",
    year = "2002"
}

@article{Isgur:1988vm,
    author = "Isgur, Nathan and Morningstar, Colin and Reader, Cathy",
    title = "{The $\Pa$ in tau decay}",
    reportNumber = "Print-88-0442 (TORONTO)",
    doi = "10.1103/PhysRevD.39.1357",
    journal = "Phys. Rev. D",
    volume = "39",
    pages = "1357",
    year = "1989"
}

@article{Kuhn:1990ad,
    author = "K{\"u}hn, Johann H. and Santamaria, A.",
    title = "{Tau decays to pions}",
    reportNumber = "MPI-PAE/PTh-17/90",
    doi = "10.1007/BF01572024",
    journal = "Z. Phys. C",
    volume = "48",
    pages = "445",
    year = "1990"
}

@article{Feindt:1990ev,
    author = "Feindt, M.",
    title = "{Measuring hadronic currents and weak coupling constants in $\Pgt \to \Pgn 3\Pgp$}",
    reportNumber = "DESY-90-036",
    doi = "10.1007/BF01614704",
    journal = "Z. Phys. C",
    volume = "48",
    pages = "681",
    year = "1990"
}

@article{Kuhn:1992nz,
    author = "K{\"u}hn, Johann H. and Mirkes, E.",
    title = "{Structure functions in tau decays}",
    reportNumber = "TTP-92-20",
    doi = "10.1007/BF01474741",
    journal = "Z. Phys. C",
    volume = "56",
    pages = "661",
    year = "1992",
    note = "[Erratum: Z.Phys.C 67 (1995) 364]"
}

@article{Bowler:1988kf,
    author = "Bowler, M. G.",
    title = "{The parameters of the $\Pa$ meson}",
    reportNumber = "OXFORD-NP-35-88",
    doi = "10.1016/0370-2693(88)91838-2",
    journal = "Phys. Lett. B",
    volume = "209",
    pages = "99",
    year = "1988"
}

@article{ARGUS:1992olh,
    author = "Albrecht, H. and others",
    collaboration = "ARGUS",
    title = "{Analysis of the decay $\Pgt \to \Pgpm\Pgpm\Pgpp\Pgngt$ and determination of the $\Pai$ resonance parameters}",
    reportNumber = "DESY-92-125",
    doi = "10.1007/BF01554080",
    journal = "Z. Phys. C",
    volume = "58",
    pages = "61",
    year = "1993"
}

@article{OPAL:1997was,
    author = "Ackerstaff, K. and others",
    collaboration = "OPAL",
    title = "{A measurement of the hadronic decay current and the tau-neutrino helicity in $\Pgt \to \Pgpm\Pgpm\Pgpp\Pgngt$}",
    reportNumber = "CERN-PPE-97-020, CERN-PPE-97-20",
    doi = "10.1007/s002880050505",
    journal = "Z. Phys. C",
    volume = "75",
    pages = "593",
    year = "1997"
}

@article{DELPHI:1998bhv,
    author = "Abreu, P. and others",
    collaboration = "DELPHI",
    title = "{A study of the hadronic resonance structure in the decay $\Pgt \to 3\Pgp\Pgngt$}",
    reportNumber = "CERN-EP-98-014, CERN-EP-98-14",
    doi = "10.1016/S0370-2693(98)00347-5",
    journal = "Phys. Lett. B",
    volume = "426",
    pages = "411",
    year = "1998"
}

@article{Cherepanov:2018wop,
    author = "Cherepanov, Vladimir and Lohmann, Wolfgang",
    title = "{Methods for a measurement of $\Pgt$ polarization asymmetry in the decay $\PZ \to \Pgt\Pgt$ at LHC and determination of the effective weak mixing angle}",
    eprint = "1805.10552",
    archivePrefix = "arXiv",
    primaryClass = "hep-ph",
    year = "2018"
}

@article{Cherepanov:2018yqb,
    author = "Cherepanov, V. and Richter-Was, E. and Was, Z.",
    title = "{Monte Carlo, fitting and machine learning for tau leptons}",
    eprint = "1811.03969",
    archivePrefix = "arXiv",
    primaryClass = "hep-ph",
    reportNumber = "IFJPAN-IV-2018-18",
    doi = "10.21468/SciPostPhysProc.1.018",
    journal = "SciPost Phys. Proc.",
    volume = "1",
    pages = "018",
    year = "2019"
}

@article{Shekhovtsova:2012ra,
    author = "Shekhovtsova, O. and Przedzinski, T. and Roig, P. and Was, Z.",
    title = "{Resonance chiral Lagrangian currents and $\Pgt$ decay Monte Carlo}",
    eprint = "1203.3955",
    archivePrefix = "arXiv",
    primaryClass = "hep-ph",
    reportNumber = "IFJPAN-IV-2011-6, UAB-FT-695, FTUV-2011-09-29, IFIC-11-53, CERN-PH-TH-2012-016",
    doi = "10.1103/PhysRevD.86.113008",
    journal = "Phys. Rev. D",
    volume = "86",
    pages = "113008",
    year = "2012"
}

@article{Nugent:2013hxa,
    author = "Nugent, I. M. and Przedzinski, T. and Roig, P. and Shekhovtsova, O. and Was, Z.",
    title = "{Resonance chiral Lagrangian currents and experimental data for $\Pgtm \to \Pgpm\Pgpm\Pgpp\Pgngt$}",
    eprint = "1310.1053",
    archivePrefix = "arXiv",
    primaryClass = "hep-ph",
    reportNumber = "IFJPAN-2013-5, UAB-FT-731",
    doi = "10.1103/PhysRevD.88.093012",
    journal = "Phys. Rev. D",
    volume = "88",
    pages = "093012",
    year = "2013"
}

@article{Ecker:1989yg,
    author = "Ecker, G. and Gasser, J. and Leutwyler, H. and Pich, A. and de Rafael, E.",
    title = "{Chiral Lagrangians for massive spin $1$ fields}",
    reportNumber = "BUTP-89/4-BERN, UWThPh-1989-9, FTUV/89-7, CPT-89/PE-2243",
    doi = "10.1016/0370-2693(89)91627-4",
    journal = "Phys. Lett. B",
    volume = "223",
    pages = "425",
    year = "1989"
}

@article{Ecker:1988te,
    author = "Ecker, G. and Gasser, J. and Pich, A. and de Rafael, E.",
    title = "{The role of resonances in chiral perturbation theory}",
    reportNumber = "CERN-TH-5185/88, UWThPh-1988-29, BUTP-88/18, CPT-88/PE-2158",
    doi = "10.1016/0550-3213(89)90346-5",
    journal = "Nucl. Phys. B",
    volume = "321",
    pages = "311",
    year = "1989"
}

@article{Dumm:2009va,
    author = "Dumm, D. Gomez and Roig, P. and Pich, A. and Portoles, J.",
    title = "{$\Pgt \to \Pgp\Pgp\Pgp\Pgngt$ decays and the $\Pai$ off-shell width revisited}",
    eprint = "0911.4436",
    archivePrefix = "arXiv",
    primaryClass = "hep-ph",
    reportNumber = "FTUV-09-1123, IFIC-09-54, LPT-ORSAY-09-91",
    doi = "10.1016/j.physletb.2010.01.059",
    journal = "Phys. Lett. B",
    volume = "685",
    pages = "158",
    year = "2010"
}

@software{christian_veelken_2023_8113344,
    author = {Vladimir Cherepanov and Christian Veelken},
    title = "{PolarimetricVectorTau2a1}",
    month = nov,
    year = 2023,
    publisher = {Zenodo},
    version = {2.0},
    doi = {10.5281/zenodo.10143882},
    url = {https://doi.org/10.5281/zenodo.10143882}
}

@article{Przedzinski:2018ett,
    author = "Przedzinski, T. and Richter-Was, E. and Was, Z.",
    title = "{Documentation of TauSpinner algorithms: program for simulating spin effects in $\Pgt$-lepton production at LHC}",
    eprint = "1802.05459",
    archivePrefix = "arXiv",
    primaryClass = "hep-ph",
    reportNumber = "IFJPAN-IV-2018-3",
    doi = "10.1140/epjc/s10052-018-6527-0",
    journal = "Eur. Phys. J. C",
    volume = "79",
    pages = "91",
    year = "2019"
}

@article{Czyczula:2012ny,
    author = "Czyczula, Z. and Przedzinski, T. and Was, Z.",
    title = "{TauSpinner program for studies on spin effect in tau production at the LHC}",
    eprint = "1201.0117",
    archivePrefix = "arXiv",
    primaryClass = "hep-ph",
    reportNumber = "CERN-PH-TH-20011-307",
    doi = "10.1140/epjc/s10052-012-1988-z",
    journal = "Eur. Phys. J. C",
    volume = "72",
    pages = "1988",
    year = "2012"
}

@article{Behnke:2013lya,
    author = "Abramowicz, Halina and others",
    editor = "Behnke, Ties and Brau, James E. and Burrows, Philip N. and Fuster, Juan and Peskin, Michael and Stanitzki, Marcel and Sugimoto, Yasuhiro and Yamada, Sakue and Yamamoto, Hitoshi",
    title = "{The International Linear Collider technical design report - volume 4: detectors}",
    eprint = "1306.6329",
    archivePrefix = "arXiv",
    primaryClass = "physics.ins-det",
    reportNumber = "ILC-REPORT-2013-040, ANL-HEP-TR-13-20, BNL-100603-2013-IR, IRFU-13-59, CERN-ATS-2013-037, COCKCROFT-13-10, CLNS-13-2085, DESY-13-062, FERMILAB-TM-2554, IHEP-AC-ILC-2013-001, INFN-13-04-LNF, JAI-2013-001, JINR-E9-2013-35, JLAB-R-2013-01, KEK-REPORT-2013-1, KNU-CHEP-ILC-2013-1, LLNL-TR-635539, SLAC-R-1004, ILC-HIGRADE-REPORT-2013-003",
    year = "2013"
}

@article{Tran:2015nxa,
    author = "Tran, Trong Hieu and Balagura, Vladislav and Boudry, Vincent and Brient, Jean-Claude and Videau, Henri",
    title = "{Reconstruction and classification of tau lepton decays with ILD}",
    eprint = "1510.05224",
    archivePrefix = "arXiv",
    primaryClass = "physics.ins-det",
    doi = "10.1140/epjc/s10052-016-4315-2",
    journal = "Eur. Phys. J. C",
    volume = "76",
    pages = "468",
    year = "2016"
}

@article{ATLAS:2015boj,
    author = "Aad, Georges and others",
    collaboration = "ATLAS",
    title = "{Reconstruction of hadronic decay products of tau leptons with the ATLAS experiment}",
    eprint = "1512.05955",
    archivePrefix = "arXiv",
    primaryClass = "hep-ex",
    reportNumber = "CERN-PH-EP-2015-294",
    doi = "10.1140/epjc/s10052-016-4110-0",
    journal = "Eur. Phys. J. C",
    volume = "76",
    pages = "295",
    year = "2016"
}

@phdthesis{Xu:2017lgs,
    author = "Xu, Boruo",
    title = "{Detectors and physics at a future linear collider}",
    doi = "10.17863/CAM.16867",
    school = "Cambridge U.",
    month = "12",
    year = "2017"
}

@TECHREPORT{CMS-DP-2020-041,
     author = "{CMS Collaboration}",
     title = "{Identification of hadronic tau decay channels using multivariate analysis (MVA decay mode)}",
     URL = "{https://cds.cern.ch/record/2727092/}",
     type = "{CMS Performance note}",
     reportNumber = "CMS-DP-2020-041",
     year = "2020",
     SLACcitation  = "%%CITATION = CMS-DP-2020-041;%%"
}

@article{CMS:2022prd,
    author = "Tumasyan, Armen and others",
    collaboration = "CMS",
    title = "{Identification of hadronic tau lepton decays using a deep neural network}",
    eprint = "2201.08458",
    archivePrefix = "arXiv",
    primaryClass = "hep-ex",
    reportNumber = "CMS-TAU-20-001, CERN-EP-2021-257",
    doi = "10.1088/1748-0221/17/07/P07023",
    journal = "JINST",
    volume = "17",
    pages = "P07023",
    year = "2022"
}

@article{Giagu:2022gmq,
    author = "Giagu, Stefano and Torresi, Luca and Di Filippo, Matteo",
    title = "{Tau lepton identification with graph neural networks at future electron--positron colliders}",
    doi = "10.3389/fphy.2022.909205",
    journal = "Front. in Phys.",
    volume = "10",
    pages = "909205",
    year = "2022"
}

@TECHREPORT{ATLAS:2022aip,
     author = "{ATLAS Collaboration}",
     title = "{Reconstruction, identification, and calibration of hadronically decaying tau leptons with the ATLAS detector for the LHC Run 3 and reprocessed Run 2 data}",
     URL = "{https://cds.cern.ch/record/2827111}",
     type = "{ATLAS PUB note}",
     reportNumber = "ATL-PHYS-PUB-2022-044",
     year = "2022",
     SLACcitation = "%%CITATION = ATL-PHYS-PUB-2022-044;%%"
}

@article{Altakach:2022ywa,
    author = "Altakach, Mohammad Mahdi and Lamba, Priyanka and Maltoni, Fabio and Mawatari, Kentarou and Sakurai, Kazuki",
    title = "{Quantum information and CP measurement in $\PH \to \Pgtp\Pgtm$ at future lepton colliders}",
    eprint = "2211.10513",
    archivePrefix = "arXiv",
    primaryClass = "hep-ph",
    doi = "10.1103/PhysRevD.107.093002",
    journal = "Phys. Rev. D",
    volume = "107",
    pages = "093002",
    year = "2023"
}

@article{Ehataht:2023zzt,
    author = {Ehat\"aht, Karl and Fabbrichesi, Marco and Marzola, Luca and Veelken, Christian},
    title = "{Probing entanglement and testing Bell inequality violation with $\Pep\Pem \to \Pgtp\Pgtm$ at Belle II}",
    eprint = "2311.17555",
    archivePrefix = "arXiv",
    primaryClass = "hep-ph",
    month = "11",
    year = "2023"
}

@article{Elagin:2010aw,
    author = "Elagin, A. and Murat, P. and Pranko, A. and Safonov, A.",
    title = "{A new mass reconstruction technique for resonances decaying to di-tau}",
    eprint = "1012.4686",
    archivePrefix = "arXiv",
    primaryClass = "hep-ex",
    reportNumber = "FERMILAB-PUB-11-918-PPD",
    doi = "10.1016/j.nima.2011.07.009",
    journal = "Nucl. Instrum. Meth. A",
    volume = "654",
    pages = "481",
    year = "2011"
}

@phdthesis{Sauerland:1358627,
    author = "Sauerland, Philip",
    title = "{Kinematic reconstruction of tau leptons and test for lepton universality in charged weak interactions with the CMS experiment}",
    school = "{RWTH Aachen}",
    year = "2011",
    url = "{https://cds.cern.ch/record/1358627}"
}

@article{Cherepanov:2018npf,
    author = "Cherepanov, Vladimir and Zotz, Alexander",
    title = "{Kinematic reconstruction of $\PZ/\PH \to \Pgt\Pgt$ decay in proton--proton collisions}",
    eprint = "1805.06988",
    archivePrefix = "arXiv",
    primaryClass = "hep-ph",
    month = "5",
    year = "2018"
}

@article{Bianchini:2016yrt,
    author = "Bianchini, Lorenzo and Calpas, Betty and Conway, John and Fowlie, Andrew and Marzola, Luca and Veelken, Christian and Perrini, Lucia",
    title = "{Reconstruction of the Higgs mass in events with Higgs bosons decaying into a pair of $\Pgt$ leptons using matrix element techniques}",
    eprint = "1603.05910",
    archivePrefix = "arXiv",
    primaryClass = "hep-ex",
    reportNumber = "COEPP-MN-16-7",
    doi = "10.1016/j.nima.2017.05.001",
    journal = "Nucl. Instrum. Meth. A",
    volume = "862",
    pages = "54",
    year = "2017"
}

@article{Was:2015laa,
    author = "Was, Zbigniew and Zaremba, Jakub",
    title = "{Study of variants for Monte Carlo generators of $\Pgt \to 3\Pgp\Pgn$ decays}",
    eprint = "1508.06424",
    archivePrefix = "arXiv",
    primaryClass = "hep-ph",
    reportNumber = "IFJPAN-IV-2015-12",
    doi = "10.1140/epjc/s10052-015-3780-3",
    journal = "Eur. Phys. J. C",
    volume = "75",
    pages = "566",
    year = "2015",
    note = "[Erratum: Eur.Phys.J.C 76 (2016) 465]"
}

@article{Ecker:1989yg,
    author = "Ecker, G. and Gasser, J. and Leutwyler, H. and Pich, A. and de Rafael, E.",
    title = "{Chiral Lagrangians for massive spin 1 fields}",
    reportNumber = "BUTP-89/4-BERN, UWThPh-1989-9, FTUV/89-7, CPT-89/PE-2243",
    doi = "10.1016/0370-2693(89)91627-4",
    journal = "Phys. Lett. B",
    volume = "223",
    pages = "425",
    year = "1989"
}

@article{Ecker:1988te,
    author = "Ecker, G. and Gasser, J. and Pich, A. and de Rafael, E.",
    title = "{The role of resonances in chiral perturbation theory}",
    reportNumber = "CERN-TH-5185/88, UWThPh-1988-29, BUTP-88/18, CPT-88/PE-2158",
    doi = "10.1016/0550-3213(89)90346-5",
    journal = "Nucl. Phys. B",
    volume = "321",
    pages = "311",
    year = "1989"
}

@article{GomezDumm:2003ku,
    author = "Gomez Dumm, D. and Pich, A. and Portoles, J.",
    title = "{$\Pgt \to \Pgp\Pgp\Pgp\Pgngt$ decays in the resonance effective theory}",
    eprint = "hep-ph/0312183",
    archivePrefix = "arXiv",
    reportNumber = "IFIC-03-38, FTUV-03-1215",
    doi = "10.1103/PhysRevD.69.073002",
    journal = "Phys. Rev. D",
    volume = "69",
    pages = "073002",
    year = "2004"
}

@article{Dumm:2009va,
    author = "Dumm, D. Gomez and Roig, P. and Pich, A. and Portoles, J.",
    title = "{$\Pgt \to \Pgp\Pgp\Pgp\Pgngt$ decays and the $\Pai$ off-shell width revisited}",
    eprint = "0911.4436",
    archivePrefix = "arXiv",
    primaryClass = "hep-ph",
    reportNumber = "FTUV-09-1123, IFIC-09-54, LPT-ORSAY-09-91",
    doi = "10.1016/j.physletb.2010.01.059",
    journal = "Phys. Lett. B",
    volume = "685",
    pages = "158",
    year = "2010"
}



